@inproceedings{event-detection,
    author = {He, Qi and Chang, Kuiyu and Lim, Ee-Peng},
    title = {Analyzing Feature Trajectories for Event Detection},
    booktitle = {Proceedings of the 30th Annual International ACM SIGIR Conference on Research and Development in Information Retrieval},
    series = {SIGIR '07},
    year = {2007},
    isbn = {978-1-59593-597-7},
    location = {Amsterdam, The Netherlands},
    pages = {207--214},
    numpages = {8},
    url = {http://doi.acm.org/10.1145/1277741.1277779},
    doi = {10.1145/1277741.1277779},
    acmid = {1277779},
    publisher = {ACM},
    address = {New York, NY, USA},
    keywords = {DFT, Gaussian, event detection, feature categorization},
} 
