@inproceedings{event-detection,
    author = {He, Qi and Chang, Kuiyu and Lim, Ee-Peng},
    title = {Analyzing Feature Trajectories for Event Detection},
    booktitle = {Proceedings of the 30th Annual International ACM SIGIR Conference on Research and Development in Information Retrieval},
    series = {SIGIR '07},
    year = {2007},
    isbn = {978-1-59593-597-7},
    location = {Amsterdam, The Netherlands},
    pages = {207--214},
    numpages = {8},
    url = {http://doi.acm.org/10.1145/1277741.1277779},
    doi = {10.1145/1277741.1277779},
    acmid = {1277779},
    publisher = {ACM},
    address = {New York, NY, USA},
    keywords = {DFT, Gaussian, event detection, feature categorization},
}

@article{word2vec,
  author    = {Tomas Mikolov and
               Kai Chen and
               Greg Corrado and
               Jeffrey Dean},
  title     = {Efficient Estimation of Word Representations in Vector Space},
  journal   = {CoRR},
  volume    = {abs/1301.3781},
  year      = {2013},
  url       = {http://arxiv.org/abs/1301.3781},
  timestamp = {Thu, 07 May 2015 20:02:01 +0200},
  biburl    = {http://dblp.uni-trier.de/rec/bib/journals/corr/abs-1301-3781},
  bibsource = {dblp computer science bibliography, http://dblp.org}
}

@inproceedings{dbscan,
  title={A density-based algorithm for discovering clusters in large spatial databases with noise.},
  author={Ester, Martin and Kriegel, Hans-Peter and Sander, J{\"o}rg and Xu, Xiaowei and others},
  booktitle={Kdd},
  volume={96},
  number={34},
  pages={226--231},
  year={1996}
}

@inproceedings{multi-summarization-1,
  title={Multi-document summarization via budgeted maximization of submodular functions},
  author={Lin, Hui and Bilmes, Jeff},
  booktitle={Human Language Technologies: The 2010 Annual Conference of the North American Chapter of the Association for Computational Linguistics},
  pages={912--920},
  year={2010},
  organization={Association for Computational Linguistics}
}

@inproceedings{multi-summarization-2,
  title={A class of submodular functions for document summarization},
  author={Lin, Hui and Bilmes, Jeff},
  booktitle={Proceedings of the 49th Annual Meeting of the Association for Computational Linguistics: Human Language Technologies-Volume 1},
  pages={510--520},
  year={2011},
  organization={Association for Computational Linguistics}
}

@inproceedings{wmd,
  title={From Word Embeddings To Document Distances.},
  author={Kusner, Matt J and Sun, Yu and Kolkin, Nicholas I and Weinberger, Kilian Q and others},
  booktitle={ICML},
  volume={15},
  pages={957--966},
  year={2015}
}